<?xml version="1.0" encoding="UTF-8"?><collection xmlns="http://www.loc.gov/MARC21/slim"><record><leader>00415nam--2200133-i-4500</leader><controlfield tag="001">000004382</controlfield><controlfield tag="002">20161230</controlfield><controlfield tag="005">20170210013757</controlfield><controlfield tag="008">060222s1000------------r-----000-0-eng-d</controlfield><datafield ind1=" " ind2=" " tag="245"><subfield code="a">Centre d etudes nucleaires de saclay et instiut national des sciences et techniques nucleaires</subfield></datafield><datafield ind1=" " ind2=" " tag="260"><subfield code="a">Gif-Sur-Yvette</subfield><subfield code="b">C.E.A</subfield><subfield code="c">[1957]</subfield></datafield><datafield ind1=" " ind2=" " tag="300"><subfield code="a">62 p</subfield></datafield><datafield ind1=" " ind2=" " tag="490"><subfield code="a">Commissariat A L Energie Atomique</subfield></datafield><datafield ind1=" " ind2=" " tag="CAT"><subfield code="a">SYS</subfield><subfield code="c">20170210</subfield><subfield code="h">013757</subfield></datafield></record></collection>